@article{fahd,
  title        = {Rancang Bangun Robot Penari Humanoid dengan Menggunakan 25 DoF Untuk Melakukan Gerakan Tari Remo},
  author       = {Fahd, M. A. and Purwanto, D. and Fatoni, M. H.},
  journal      = {Jurnal Teknik ITS},
  year         = {2019},
}

@article{arifin2017implementasi,
  title        = {Implementasi Pusat Tekanan (COP) untuk Kontrol Keseimbangan Postur pada Robot Humanoid},
  author       = {Arifin, M. and Purwanto, D. and Muhtadin},
  journal      = {Jurnal Teknik ITS},
  year         = {2017},
}

@article{abidin2016pengaturan,
  title        = {Pengaturan Keseimbangan Robot Humanoid Dengan Giroskop Untuk Melakukan Gerakan Penari Topeng Betawi},
  author       = {Abidin, M. Nur and Dikairono, R. and Purwanto, D.},
  journal      = {Eyrolles},
  year         = {2016},
}

@article{farah,
  title        = {Pengembangan Sistem Tertanam Untuk Kontrol Keseimbangan Berjalan Adaptif Pada Robot Humanoid},
  author       = {Fadhilah, F. R. and Arifin, A. and Suprayitno, E. A.},
  journal      = {Jurnal Teknik ITS},
  year         = {2023},
}

@article{chiang2020posture,
  title        = {Posture Control For Humanoid Robot On Uneven Ground and Slopes Using Inertial Sensors},
  author       = {Chiang, S. Y. and Wang, J. L.},
  journal      = {Advances in Mechanical Engineering},
  volume       = {12},
  number       = {9},
  year         = {2020},
  month        = {9},
}

@article{rotama,
  author = {Ilyasaa, Abizar and Winarno, Totok and Siradjuddin, Indrazno},
  year = {2023},
  month = {11},
  pages = {},
  title = {Implementasi Load Cell Pada Robot Humanoid Terhadap Parameter Jalan Robot},
  volume = {10},
  journal = {Jurnal Elektronika dan Otomasi Industri},
  doi = {10.33795/elkolind.v10i3.3293}
}

@article{lanangjagad,
	author = {Cisi Wulandari and Abdul Fadlil},
	title = {Center of Pressure Control for Balancing Humanoid Dance Robot Using Load Cell Sensor, Kalman Filter and PID Controller},
	journal = {Control Systems and Optimization Letters},
	volume = {1},
	number = {2},
	year = {2023},
	issn = {2985-6116},	
  pages = {75--81},	doi = {10.59247/csol.v1i2.22},
	url = {https://ejournal.csol.or.id/index.php/csol/article/view/22}
}

@article{katayama,
  author = {Katayama, Sotaro and Murooka, Masaki and Tazaki, Yuichi},
  year = {2023},
  month = {02},
  pages = {1-18},
  title = {Model predictive control of legged and humanoid robots: models and algorithms},
  volume = {37},
  journal = {Advanced Robotics},
  doi = {10.1080/01691864.2023.2168134}
}

@article{pratt,
  author = {Pratt, Jerry and Pratt, Gill},
  year = {1998},
  month = {11},
  pages = {},
  title = {Exploiting Natural Dynamics in the Control of a Planar Bipedal Walking Robot}
}

@article{wu2020fuzzy,
  author       = {Wu, Li-Fan and Li, Tzuu-Hseng S.},
  journal      = {IEEE Access},
  title        = {Fuzzy Dynamic Gait Pattern Generation for Real-Time Push Recovery Control of a Teen-Sized Humanoid Robot},
  year         = {2020},
  volume       = {8},
  pages        = {36441-36453},
  doi          = {10.1109/ACCESS.2020.2975041},
}

% Only for Tinajuan Pustaka

@article{geeneral2012humanoid,
  author       = {Wang, Shouyi and Chaovalitwongse, Wanpracha and Babuska, Robert},
  year         = {2012},
  month        = {09},
  pages        = {728-743},
  title        = {Machine Learning Algorithms in Bipedal Robot Control},
  volume       = {42},
  journal      = {Systems, Man, and Cybernetics, Part C: Applications and Reviews, IEEE Transactions on},
  doi          = {10.1109/TSMCC.2012.2186565}
}

@article{sujatha,
  author       = {Srinivasan, Sujatha and Raptis, Ioannis and Westervelt, Eric},
  year         = {2008},
  month        = {11},
  pages        = {051017},
  title        = {Low-Dimensional Sagittal Plane Model of Normal Human Walking},
  volume       = {130},
  journal      = {Journal of biomechanical engineering},
  doi          = {10.1115/1.2970058}
}

@inproceedings{gunawan2023erisa,
  title        = {ERISA Humanoid Robot Balance System Using 2D Axis Parameters (Pitch and Roll)},
  author       = {Gunawan, D. and Satria, N. F. and Binugroho, E. H. and Basuki, D. K. and Santoso, R.},
  booktitle    = {2023 International Electronics Symposium (IES)},
  year         = {2023},
  pages        = {262-267},
  doi          = {10.1109/IES59143.2023.10242542},
}

@inproceedings{sayyad2023real,
  author       = {J. Sayyad and A. Jatti and K. Attarde and R. B. T and S. Deokar},
  title        = {Real-Time Operating System for Multitasking Control in the Robotics and Automation Industry},
  booktitle    = {2023 International Conference on Intelligent Data Communication Technologies and Internet of Things (IDCIoT)},
  year         = {2023},
  location     = {Bengaluru, India},
  pages        = {880-887},
  doi          = {10.1109/IDCIoT56793.2023.10053493},
  keywords     = {Industries; Automation; Microcontrollers; Switches; Multitasking; Software; Real-time systems; Real-Time Operating System; FreeRTOS; Espressif32 (ESP32); Software timers; Stepper motor; multitasking}
}

@inproceedings{hawley2016external,
  author       = {Louis Hawley and Wael Suleiman},
  title        = {External force observer for medium-sized humanoid robots},
  booktitle    = {2016 IEEE-RAS 16th International Conference on Humanoid Robots (Humanoids)},
  year         = {2016},
  pages        = {366-371},
  doi          = {10.1109/HUMANOIDS.2016.7803302},
  keywords     = {Force; Foot; Humanoid robots; Robot sensing systems; Observers}
}

@inproceedings{7041406,
  author       = {Yamamoto, Ko},
  booktitle    = {2014 IEEE-RAS International Conference on Humanoid Robots}, 
  title        = {Identification of macroscopic feedback gain in a position-controlled humanoid robot and its application to falling detection}, 
  year         = {2014},
  pages        = {487-492},
  keywords     = {Humanoid robots;Joints;Trajectory;Actuators;Torque control},
  doi          = {10.1109/HUMANOIDS.2014.7041406}
}

@online{kajita2007introduction,
  author       = {Kajita, S. and Hirukawa, H. and Harada, K. and Yokoi, K.},
  title        = {Introduction to Humanoid Robotics},
  year         = {2007},
  url          = {http://www.springer.com/series/5208},
}

@misc{robotis_emanual,
  title        = {Getting Started - OP2},
  howpublished = {\url{https://emanual.robotis.com/docs/en/platform/op2/getting_started/}},
  author       = {ROBOTIS},
  year         = {2024},
  note         = {[Online; accessed 28-May-2024]}
}

@misc{digikey2021task,
  title        = {Task Scheduling RTOS},
  year         = 2021,
  url          = {https://www.digikey.com/en/maker/projects/introduction-to-rtos-solution-to-part-3-task-scheduling/8fbb9e0b0eed4279a2dd698f02ce125f},
  urldate      = {2021-02-03}
}

@misc{resna2005,
  author       = {Sacha Sch{\"a}fer},
  title        = {Research Papers: Environmental Control: Assessing the Usability of an Integrated Environmental Control Unit (ECU) and Computer Access System for Individuals with Spinal Cord Injuries},
  year         = {2005},
  url          = {https://www.resna.org/sites/default/files/legacy/conference/proceedings/2005/Research/JEA/Sachafer.html},
  note         = {Accessed: 2024-05-26},
}

@misc{hx711_datasheet,
  title        = {HX711 Load Cell Amplifier Datasheet},
  author       = {{Avia Semiconductor}},
  year         = {2013},
  url          = {https://cdn.sparkfun.com/datasheets/Sensors/ForceFlex/hx711_english.pdf},
  note         = {Accessed: 2024-05-26}
}

@misc{rahman2018autonomous,
  title        = {An Autonomous Alarm System for Preventing Accidents Due to Overloading and Instability of a Marine Vessel},
  author       = {Rahman, Muhibbur},
  year         = {2018},
  howpublished = {Post Graduate Diploma in Information and Communication Technology, Bangladesh University of Engineering and Technology}
}